<?xml version="1.0" encoding="UTF-8"?><record xmlns="http://www.loc.gov/MARC21/slim" xmlns:cinclude="http://apache.org/cocoon/include/1.0" xmlns:zs="http://www.loc.gov/zing/srw/">
  <leader>00553nz  a2200133n  4500</leader>
  <controlfield tag="001">no 91008710 </controlfield>
  <controlfield tag="003">DLC</controlfield>
  <controlfield tag="005">19910404134202.7</controlfield>
  <controlfield tag="008">910404n| acannaab|          |a ana     c</controlfield>
  <datafield tag="010" ind1=" " ind2=" ">
    <subfield code="a">no 91008710 </subfield>
  </datafield>
  <datafield tag="040" ind1=" " ind2=" ">
    <subfield code="a">DGPO</subfield>
    <subfield code="c">DGPO</subfield>
  </datafield>
  <datafield tag="110" ind1="1" ind2="0">
    <subfield code="a">United States.</subfield>
    <subfield code="t">Act to Expand the Powers of the Indian Arts and Crafts Board, and for Other Purposes</subfield>
  </datafield>
  <datafield tag="410" ind1="1" ind2="0">
    <subfield code="a">United States.</subfield>
    <subfield code="t">Public Law 101-644</subfield>
  </datafield>
  <datafield tag="670" ind1=" " ind2=" ">
    <subfield code="a">Its Expanding the Powers of the Indian Arts and Crafts Board, 1990:</subfield>
    <subfield code="b">p. 1 (An Act to Expand the Powers of the Indian Arts and Crafts Board, and for Other Purposes)</subfield>
  </datafield>
</record>